@book{musichistory,
  title={Music and Mathematics: From Pythagoras to Fractals},
  author={Fauvel, John and Flood, Raymond and Wilson, Robin J},
  year={2006},
  pages={9-18},
  publisher={Oxford University Press, USA}
}
@book{physicsmusiccolor,
  title={The physics of music and color},
  author={Gunther, Leon},
  year={2012},
  publisher={Springer}
}
@book{musicphysicsengineering,
  title={Music, physics and engineering},
  author={Olson, Harry Ferdinand},
  volume={1769},
  year={1967},
  publisher={Courier Corporation}
}
@misc{renacimiento,
	title={Análisis de la historia social de la música en el Renacimiento},
	author={Lopez L, Verdecia M},
	year={2016},
	publisher={Revista Universidad de Guayaquil},
	volume={122},
	pages={27-33},
	url={https://revistas.ug.edu.ec/index.php/rug/article/view/451/1430}
}
@misc{edadMedia,
	title={Guido d'Arezzo, el monje que inventó las notas musicales},
	author={Raphael Boschet},
	year={2023},
	publisher={La Croix en español},
	url={https://es.la-croix.com/glosario/guido-d-arezzo-el-monje-que -invento-las-notas-musicales}
}
@misc{claudeShannon,
	title={Claude Shannon: El hombre que sentó las bases de la revolución tecnológica},
	author={Mosqueda B, Buenrostro R},
	year={2019},
	publisher={Universidad de Colima, Facultad de Telemática, El Comentario Semanal},
	pages={6-7},
	url={https://telematicanet.ucol.mx/blog/?p=225}
}
@article{edadDigital,
	title={The evolution of the music industry in the post-internet era},
	author={El Gamal, Ashraf},
	year={2012}
}
@article{produccion2020,
	title={Producción musical y mercado discográfico: homogeneización entre adolescentes y reto para la educación},
	author={Faure Carvallo, Adrien and Gustems Carnicer, Josep and Navarro Calafell, Mercé},
	journal={Revista Electrónica de LEEME, 2020, num. 45, p. 69-87},
	year={2020},
	publisher={Universitat de Valéncia}
}
@misc{ifpi2020,
	title={Informe Mundial de la música de IFPI 2021},
	author={ifpi},
	publisher={ifpi},
	year={2021},
	url={https://ifpilatina.org/blog/GLOBAL-MUSIC-REPORT-2022}
}
@article{teoriasescalas2013,
	title={Un encuentro entre las matemáticas y la teoría de escalas musicales: Escalas bien formadas(Traducido)},
	author={Castrillón López, Marco and Domínguez, Manuel},
	year={2013},
	publisher={Real Sociedad Matemática Española}
}
@book{lopez2017diseno,
	title={Diseño e implementación de un prototipo de audífono para obtener el espectro de frecuencias audibles a un oído humano},
	author={López Chango, Pamela Alexandra},
	publisher={Universidad Politécnica Salesiana, campus Quito},
	year={2017},
	pages={16}
}